% Encoding: UTF-8

@Misc{altarum18,
  author       = {Altarum Institute},
  title        = {Economic Toll Of Opioid Crisis In U.S. Exceeded \$1 Trillion Since 2001},
  howpublished = {online},
  month        = Feb,
  year         = {2018},
  note         = {Ann Arbor, MI},
  timestamp    = {2018-02-13},
  url          = {https://altarum.org/about/news-and-events/economic-toll-of-opioid-crisis-in-u-s-exceeded-1-trillion-since-2001},
}

@Article{carlson16,
  author  = {Robert G. Carlson and Ramzi W. Nahhas and Silvia S. Martins and Raminta Daniulaityte},
  title   = {Predictors of transition to heroin use among initially non-opioid dependent illicit pharmaceutical opioid users: A natural history study},
  journal = {Drug and Alcohol Dependence},
  year    = {2016},
  volume  = {160},
  pages   = {127–134},
  doi     = {10.1016/j.drugalcdep.2015.12.026},
  url     = {http://europepmc.org/articles/pmc4767561},
}

@Misc{cdc18,
  author       = {Centers for Disease Control and Prevention},
  title        = {Opioid overdose: Understanding the epidemic},
  howpublished = {online},
  month        = Jan,
  year         = {2018},
  owner        = {Centers for Disease Control and Prevention},
  url          = {https://www.cdc.gov/drugoverdose/index.html },
}

@Misc{cdc17,
  author       = {Centers for Disease Control and Prevention},
  title        = {Prescription Opioid Overdose Data},
  howpublished = {online},
  month        = Oct,
  year         = {2017},
  owner        = {Centers for Disease Control and Prevention},
  url          = {https://www.cdc.gov/drugoverdose/data/overdose.html},
}

@TechReport{cdc16,
  author      = {Rose A. Judd and Noah Aleshire and Jon E. Zibbell and R. Matthew Gladden},
  title       = {Increases in Drug and Opioid Overdose Deaths, United States, 2000-2014},
  institution = {Centers for Disease Control and Prevention},
  year        = {2016},
  type        = {techreport},
  number      = {64(50)},
  address     = {Atlanta, GA},
  month       = Jan,
  note        = {Morbidity and Mortality Weekly Report (MMWR)},
  url         = {https://www.cdc.gov/mmwr/preview/mmwrhtml/mm6450a3.htm},
}

@Book{gujarati09,
  title     = {Basic Econometrics, 5th edition},
  publisher = {McGraw-Hill Irwin},
  year      = {2009},
  author    = {Damodar N. Gujarati and Dawn C. Porter},
}


@Article{herland14,
  author  = {Herland, M. and Khoshgoftaar, T. M. and Wald, R.},
  title   = {A review of data mining using big data in health informatics.},
  journal = {Journal Of Big Data},
  year    = {2014},
  volume  = {1},
  number  = {2},
  doi     = {https://doi.org/10.1186/2196-1115-1-2},
  url     = {https://link.springer.com/article/10.1186/2196-1115-1-2#citeas},
}

@Book{statlearn13,
  title     = {An Introduction to Statistical Learning with Applications in R},
  publisher = {Springer Media},
  year      = {2013},
  author    = {Gareth James and Daniela Witten and Tervor Hastie and Robert Tibshirani},
  url       = {http://www-bcf.usc.edu/~gareth/ISL/},
}

@Article{johnson11,
  author  = {Johnson, K. and Isham, A. and Shah, D.V. and Gustafson, D.H.},
  title   = {Potential Roles for New Communication Technologies in Treatment of Addiction.},
  journal = {Current psychiatry reports.},
  year    = {2011},
  doi     = {10.1007/s11920-011-0218-y},
  url     = {https://www.ncbi.nlm.nih.gov/pmc/articles/PMC3179375/},
}

@Article{jones15,
  author  = {C. M. Jones and J. Logan and M. Gladden and M.K. Bohm},
  title   = {Vital Signs: Demographic and Substance Use Trends Among Heroin Users.},
  journal = {MMWR Morbidity and Mortality Weekly Report},
  year    = {2015},
  volume  = {64},
  number  = {26},
  pages   = {719–725},
  month   = Jul,
  note    = {Published online},
  comment = {PMCID: PMC4584844},
  url     = {http://europepmc.org/articles/pmc4584844},
}

@Article{marsch12,
  author  = {Marsch, Lisa A.},
  title   = {Leveraging teachnology to enhance addiction treatment and recovery.},
  journal = {Journal of Addictive Diseases},
  year    = {2012},
  volume  = {31},
  number  = {3},
  pages   = {313-318},
  doi     = {10.1080/10550887.2012.694606},
  url     = {https://www.ncbi.nlm.nih.gov/pmc/articles/PMC3650640/},
}

@Article{mccabe12,
  author  = {McCabe SE and West BT and Teter CJ and Boyd CJ},
  title   = {Medical and Nonmedical Use of Prescription Opioids Among High School Seniors in the United States.},
  journal = {Archive of Pediatric Adolescent Medicine},
  year    = {2012},
  volume  = {166},
  number  = {9},
  pages   = {797–802},
  doi     = {doi:10.1001/archpediatrics.2012.85},
  url     = {https://jamanetwork.com/journals/jamapediatrics/fullarticle/1149408},
}


@Book{mckinney17,
  title     = {Python for Data Analysis},
  publisher = {O'Reilly Media Inc.},
  year      = {2017},
  author    = {Wes McKinney},
  address   = {Sebastopol, CA},
  url       = {https://github.com/wesm/pydata-book},
}


@Book{muller17,
  title     = {Introduction to Machine Learning},
  publisher = {O'Reilly},
  year      = {2017},
  author    = {Andreas C. Muller and Sarah Guido},
  address   = {Sebastopol, CA},
  url       = {https://github.com/amueller/introduction_to_ml_with_python/},
}

@Misc{nida18,
  author       = {National Institute on Drug Abuse},
  title        = {Opioid Overdose Crisis},
  howpublished = {online},
  month        = Jan,
  year         = {2018},
  owner        = {ational Institutes of Health (NIH)},
  url          = {https://www.drugabuse.gov/drugs-abuse/opioids/opioid-overdose-crisis},
}

@TechReport{nida17,
  author      = {National Institute on Drug Abuse (NIDA)},
  title       = {Overdose Death Rates},
  institution = {National Institutes of Health (NIH)},
  year        = {2017},
  type        = {Summary},
  address     = {Washington D.C.},
  url         = {https://www.drugabuse.gov/related-topics/trends-statistics/overdose-death-rates},
}

@Article{pariyadath14,
  author  = {V. Pariyadath and E. A. Stein and T. J. Ross},
  title   = {Machine learning classification of resting state functional connectivity predicts smoking status},
  journal = {Frontiers in Human Neuroscience},
  year    = {2014},
  volume  = {8},
  number  = {425},
  month   = Jun,
  doi     = {10.3389/fnhum.2014.00425.},
  url     = {https://www.ncbi.nlm.nih.gov/pmc/articles/PMC4058899/},
}

@Book{raschka17,
  title     = {Python Machine Learning, Second Edition},
  publisher = {Packt},
  year      = {2017},
  author    = {Sebastian Raschka and Vahid Mirjalili},
  address   = {Birmingham, UK},
  url       = {https://github.com/rasbt/python-machine-learning-book-2nd-edition},
}

@Article{reifler12,
  author  = {L.M. Reifler and D. Danna Droz and Bailey JE and S.H. Schnoll and R. Fant and R.C. Dart and B.B. Bartelson}
  title   = {Do Prescription Monitoring Programs Impact State Trends in Opioid Abuse/Misuse?},
  journal = {Pain Medicine},
  year    = {2012},
  volume  = {13},
  number  = {3},
  pages   = {434–442},
  month   = Mar,
  doi     = {https://doi.org/10.1111/j.1526-4637.2012.01327.x},
  url     = {https://academic.oup.com/painmedicine/article/13/3/434/1852077},
}


@Article{rice12,
  author  = {Rice JB and White AG and Birnbaum HG and Schiller M and Brown DA and Roland CL},
  title   = {A Model to Identify Patients at Risk for Prescription Opioid Abuse, Dependence, and Misuse.},
  journal = {Pain Medicine},
  year    = {2012},
  volume  = {13},
  number  = {9},
  pages   = {1162–1173},
  month   = Sep,
  doi     = {https://doi.org/10.1111/j.1526-4637.2012.01450.x},
  url     = {https://academic.oup.com/painmedicine/article/13/9/1162/1864747},
}



@TechReport{samhsa16,
  author      = {Substance Abuse and Mental Health Services Administration, Center for Behavioral Health Statistics and Quality},
  title       = {National Survey on Drug Use and Health (NSDUH) 2015},
  institution = {United States Department of Health and Human Services.},
  year        = {2016},
  type        = {Online data archive},
  address     = {Ann Arbor, MI},
  doi         = {http://doi.org/10.3886/ICPSR50011.v1},
  url         = {http://datafiles.samhsa.gov/info/browse-studies-nid3454},
}

@Article{shaham03,
  author  = {Shaham, Yavin and Shalev, Uri and Lu, Lin and de Wit, Harriet and Stewart, Jane},
  title   = {The reinstatement model of drug relapse: history, methodology and major findings},
  journal = {Psychopharmacology},
  year    = {2003},
  volume  = {168},
  number  = {1},
  pages   = {3--20},
  month   = {Jul},
  issn    = {1432-2072},
  day     = {01},
  doi     = {10.1007/s00213-002-1224-x},
  url     = {url="https://doi.org/10.1007/s00213-002-1224-x"},
}

@article{sullivan10,
    author = "Mark D. Sullivan and Mark J. Edlund and Ming-Yu Fan and Andrea DeVries and Jennifer Brennan Braden and Bradley C. Martin",
    title = "Risks for possible and probable opioid misuse among recipients of chronic opioid therapy in commercial and medicaid insurance plans: The TROUP Study",
    journal = "PAIN",
    volume = "150",
    number = "2",
    pages = "332 - 339",
    year = "2010",
    issn = "0304-3959",
    doi = "https://doi.org/10.1016/j.pain.2010.05.020",
    url = "http://www.sciencedirect.com/science/article/pii/S0304395910003234",
    keywords = "Opioid therapy, Opioid misuse, Pharmacoepidemiology, Substance abuse"
}

@Article{unick13,
  author  = {G.J. Unick and D. Rosenblum and S. Mars and D. Ciccarone},
  title   = {Intertwined Epidemics: National Demographic Trends in Hospitalizations for Heroin- and Opioid-Related Overdoses, 1993–2009.},
  journal = {PLoS ONE},
  year    = {2013},
  volume  = {8},
  number  = {2},
  pages   = {e54496},
  doi     = {https://doi.org/10.1371/journal.pone.0054496},
}


@Book{vanderplas17,
  title     = {Python Data Science Handbook},
  publisher = {O'Reilly Media Inc.},
  year      = {2017},
  author    = {Jake VanderPlas},
  address   = {Sebastopol, CA},
  url       = {https://jakevdp.github.io/PythonDataScienceHandbook/},
}

@Article{volkow14,
  author  = {Volkow , Nora D. and Frieden , Thomas R. and Hyde , Pamela S. and Cha , Stephen S.},
  title   = {Medication-Assisted Therapies: Tackling the Opioid-Overdose Epidemic},
  journal = {New England Journal of Medicine},
  year    = {2014},
  volume  = {370},
  number  = {22},
  pages   = {2063-2066},
  note    = {PMID: 24758595},
  doi     = {10.1056/NEJMp1402780},
  eprint  = {http://dx.doi.org/10.1056/NEJMp1402780},
  url     = {http://dx.doi.org/10.1056/NEJMp1402780},
}

@Article{vowles15,
  author  = {Kevin E. Vowles and Mindy L. McEntee and Peter Siyahhana Julnes and Tessaa Frohe and John P. Ney and David N. van der Goes},
  title   = {Rates of opioid misuse, abuse, and addiction in chronic pain: a systematic review and data synthesis},
  journal = {PAIN},
  year    = {2015},
  volume  = {156},
  number  = {4},
  pages   = {569–576},
  month   = apr,
  doi     = {10.1097/01.j.pain.0000460357.01998.f1},
  url     = {https://idhdp.com/media/400537/rates_of_opioid_misuse-_abuse-_and_addiction_in3.pdf},
}


@InProceedings{yokell13,
  author    = {M. A. Yokell and N. D. Zaller and M. K. Delgado and N. E. Wang and S. K.McGowan and T.C. Green},
  title     = {Clinical and Demographic Characteristics Associated With Opioid Overdose Visits to United States Emergency Departments},
  booktitle = {Proceedings of the American College of Emergency Physicians Annual Meeting},
  year      = {2013},
  editor    = {American College of Emergency Physicians annual meeting},
  volume    = {193},
  address   = {Seattle, WA},
  timestamp = {2013-10-14},
  url       = {http://www.psychiatrictimes.com/acep2013/opioid-overdose-new-demographic-data-reveal-related-comorbidities},
}

@Article{zedler14,
  author  = {Barbara Zedler and Lin Xie and Li Wang and Andrew Joyce and Catherine Vick and Furaha Kariburyo and Pradeep Rajan and Onur Baser and Lenn Murrelle},
  title   = {Risk Factors for Serious Prescription Opioid-Related Toxicity or Overdose among Veterans Health Administration Patients},
  journal = {Pain Medicine},
  year    = {2014},
  volume  = {15},
  number  = {11},
  pages   = {1911-1929},
  doi     = {10.1111/pme.12480},
  eprint  = {/oup/backfile/content_public/journal/painmedicine/15/11/10.1111/pme.12480/2/15-11-1911.pdf},
  url     = {http://dx.doi.org/10.1111/pme.12480},
}

@InProceedings{zhang05,
  author       = {Lei Zhang and D. Samaras and D. Tomasi and N. Volkow and R. Goldstein},
  title        = {Machine learning for clinical diagnosis from functional magnetic resonance imaging},
  booktitle    = {2005 IEEE Computer Society Conference on Computer Vision and Pattern Recognition (CVPR'05)},
  year         = {2005},
  address      = {San Diego, CA},
  organization = {IEEE},
  doi          = {10.1109/CVPR.2005.219},
  timestamp    = {2005-06-20},
  url          = {http://ieeexplore.ieee.org/abstract/document/1467404/},
}

@Comment{jabref-meta: databaseType:bibtex;}
